@inproceedings{Paige-ICML-2014,
  title={A Compilation Target for Probabilistic Programming Languages},
  author={Paige, Brooks and Wood, Frank},
  Booktitle={JMLR; ICML 2014},
  pages={1935--1943},
  year={2014}
}

@inproceedings{Wood-AISTATS-2014,
        Author = {F. Wood and J. W. van de Meent and V. Mansinghka},
        Booktitle = {Artificial Intelligence and Statistics},
        Title = {A New Approach to Probabilistic Programming Inference},
        Pages = {1024--1032},
        Year = {2014}}

  journal={arXiv preprint arXiv:1407.0044},

@article{huggins2014infinite,
  title={Infinite structured hidden semi-Markov models},
  author={Huggins, Jonathan H and Wood, Frank},
  journal={arXiv preprint arXiv:1407.0044},
  year={2014}
}


@article{Wood-AISTATS-2014-arXiv-syntax-update-2015,
        Author = {F. Wood and J. W. van de Meent and V. Mansinghka},
        Title = {A New Approach to Probabilistic Programming Inference},
        journal={arXiv preprint arXiv:1507.00996},
        Year = {2015}}        
        
        
@misc{dippl,
  title = {{The Design and Implementation of Probabilistic Programming Languages}},
  author = {Goodman, Noah D and Stuhlm\"{u}ller, Andreas},
  year = {2014},
  howpublished = {\url{http://dippl.org}},
  note = {Accessed: 2015-7-2}
}

@inproceedings{goodman2008church,
    author = {Noah D. Goodman and Vikash K. Mansinghka and Daniel M. Roy and Keith Bonawitz and Joshua B. Tenenbaum},
    title = {Church: A language for generative models},
    booktitle = {Proceedings of the Twenty-Fourth Conference on Uncertainty in Artificial Intelligence (UAI2008)},
    year = {2008},
    pages = {220--229}
}
